


@misc{LSJF,
    author    = "Erin Mikail Staples",
    title     = "Understanding the Label Studio JSON format",
    url       = "https://labelstud.io/blog/understanding-the-label-studio-json-format/"
}

@misc{LSMLB,
    author    = "niklub and nik",
    title     = "label-studio-ml-backend",
    url       = "https://github.com/HumanSignal/label-studio-ml-backend/blob/master/label_studio_ml/examples/huggingface_ner/model.py"
}

@misc{NERUB,
    author    = "Diana Laveena DSouza",
    title     = "NER Using BERT - Pytorch",
    url       = "https://www.kaggle.com/code/dianalaveena/ner-using-bert-pytorch"
}

@misc{BSWMN,
    author    = "Babelscape",
    title     = "WikiNEuRal: Combined Neural and Knowledge-based Silver Data Creation for Multilingual NER",
    url       = "https://huggingface.co/Babelscape/wikineural-multilingual-ner"
}

@misc{HFTC,
    author    = "",
    title     = "Token classification",
    url       = "https://huggingface.co/learn/llm-course/en/chapter7/2"
}

